<?xml version="1.0" encoding="UTF-8"?>
<collection xmlns:xsi="http://www.w3.org/2001/XMLSchema-instance" xsi:schemaLocation="http://www.loc.gov/MARC21/slim http://www.loc.gov/standards/marcxml/schema/MARC21slim.xsd" xmlns="http://www.loc.gov/MARC21/slim">
<record>
  <leader>01406cam a2200337   4500</leader>
  <controlfield tag="001">3274777</controlfield>
  <controlfield tag="003">NNC</controlfield>
  <controlfield tag="005">20130426155245.0</controlfield>
  <controlfield tag="008">900809s1893    ua            000 0 arar </controlfield>
  <datafield tag="010" ind1=" " ind2=" ">
    <subfield code="a">ne 68001095 </subfield>
  </datafield>
  <datafield tag="035" ind1=" " ind2=" ">
    <subfield code="a">(OCoLC)ocm22201538</subfield>
  </datafield>
  <datafield tag="035" ind1=" " ind2=" ">
    <subfield code="9">AUQ6886CU</subfield>
  </datafield>
  <datafield tag="035" ind1=" " ind2=" ">
    <subfield code="a">(NNC)3274777</subfield>
  </datafield>
  <datafield tag="040" ind1=" " ind2=" ">
    <subfield code="a">DLC</subfield>
    <subfield code="c">WAU</subfield>
    <subfield code="d">WAU</subfield>
    <subfield code="d">ZCU</subfield>
  </datafield>
  <datafield tag="041" ind1="0" ind2=" ">
    <subfield code="a">arafre</subfield>
  </datafield>
  <datafield tag="043" ind1=" " ind2=" ">
    <subfield code="a">f-ua---</subfield>
  </datafield>
  <datafield tag="050" ind1="0" ind2=" ">
    <subfield code="a">DT51</subfield>
    <subfield code="b">.I2 1893</subfield>
  </datafield>
  <datafield tag="099" ind1=" " ind2=" ">
    <subfield code="a">893.7Ib2</subfield>
    <subfield code="a">P</subfield>
  </datafield>
  <datafield tag="100" ind1="1" ind2=" ">
    <subfield code="a">Ibn Duqmāq, Ibrāhīm ibn Muḥammad,</subfield>
    <subfield code="d">-1407.</subfield>
  </datafield>
  <datafield tag="245" ind1="1" ind2="0">
    <subfield code="a">Description de l'Égypte, par Ibn Doukmak,</subfield>
    <subfield code="b">publiée d'après le manuscrit autographe conservé à la Bibliothèque khédiviale. al-Juzʾ al-rābiʻ wa-al-khāmis min Kitāb al-intiṣār li-wāsiṭat ʻiqd al-amṣār,</subfield>
    <subfield code="c">taʾlīf Ibrāhīm ibn Muḥammad ibn Aydmar al-ʻAlāʾī al-shahīr bi-Ibn Duqmāq.</subfield>
  </datafield>
  <datafield tag="260" ind1=" " ind2=" ">
    <subfield code="a">Le Caire,</subfield>
    <subfield code="b">Impr. nationale,</subfield>
    <subfield code="c">1893.</subfield>
  </datafield>
  <datafield tag="300" ind1=" " ind2=" ">
    <subfield code="a">7, 127, 136 p.</subfield>
    <subfield code="c">25 cm.</subfield>
  </datafield>
  <datafield tag="500" ind1=" " ind2=" ">
    <subfield code="a">At head of title: Bibliothèque khédiviale.</subfield>
  </datafield>
  <datafield tag="500" ind1=" " ind2=" ">
    <subfield code="a">Cover title: Kitāb al-intiṣār li-wāsiṭat ʻiqd al-amṣār.</subfield>
  </datafield>
  <datafield tag="500" ind1=" " ind2=" ">
    <subfield code="a">Arabic text in 2 parts, each of which has special t. p.</subfield>
  </datafield>
  <datafield tag="500" ind1=" " ind2=" ">
    <subfield code="a">Pref. signed: Dr. Vollers.</subfield>
  </datafield>
  <datafield tag="651" ind1=" " ind2="0">
    <subfield code="a">Egypt</subfield>
    <subfield code="x">Description and travel.</subfield>
  </datafield>
  <datafield tag="651" ind1=" " ind2="0">
    <subfield code="a">Cairo (Egypt)</subfield>
    <subfield code="x">Description and travel.</subfield>
  </datafield>
  <datafield tag="700" ind1="1" ind2=" ">
    <subfield code="a">Vollers, Karl,</subfield>
    <subfield code="d">1857-1909.</subfield>
  </datafield>
  <datafield tag="740" ind1="0" ind2="1">
    <subfield code="a">Intiṣār li-wāsiṭat ʻiqd al-amṣār.</subfield>
  </datafield>
  <datafield tag="955" ind1=" " ind2=" ">
    <subfield code="b">CU59003456</subfield>
    <subfield code="d">off,glx</subfield>
    <subfield code="e">893.7Ib2 P</subfield>
  </datafield>
</record>
</collection>